@Article{mingliddos,
	Author		= {Ming Li},
	Title		= {Change trend of averaged Hurst parameter of traffic under DDOS flood attacks.},
	Journal		= {Computers \& Security},
	Number		= {3},
	Pages		= {213-220},
	Volume		= {25},
	Year		= 2006
}

@Misc{GO_1,
    author       = {J. Chinneck},
    title        = {Practical Optimization: A Gentle Introduction},
    month        = {December},
    year         = {2010},
    howpublished = "\url{http://www.sce.carleton.ca/faculty/chinneck/po.html}"
}

@Misc{GO_2,
    author       = {Perry Gray, William Hart, Laura Painton, Cindy Phillips, Mike Trahan, John Wagner},
    title        = {A Survey of Global Optimization Methods},
    month        = {March},
    year         = {1997},
    howpublished = "\url{http://www.cs.sandia.gov/opt/survey/}"
}

@Book{TA_1,
    author       = {Z. Michalewicz, D. Fogel.},
    title        = {How to Solve It: Modern Heuristics},
    publisher    = {Springer},
    address      = {Berl\'in},
    year         = {2000},
}

@Article{SA_1,
    author       = {G. Venter, J. Sobieszczanski-Sobieski},
    title        = {Particle Swarm Optimization},
    address      = {Denver, Colorado, USA}
    month        = {March},
    year         = {2002},
    journal      = {The 43rd AIAA/ASME/ASCE/AHA/ASC Structures, Structural Dynamics and
                    Materials Conference}
}

@Book{SA_2,
    author       = {P. Van Laarhoven, E. Aarts.},
    title        = {Simulated Annealing: Theory and Applications},
    publisher    = {Kluwer Academic Publishers},
    year         = {1987}
}

@Article{SA_3,
    author       = {F. Glover},
    title        = {Tabu Search – Part II},
    journal      = {RSA Journal on Computing},
    volume       = {1},
    number       = {3},
    pages        = {190-206},
    year         = {1989}
}

@Article{SA_4,
    author       = {F. Glover},
    title        = {Tabu Search – Part II},
    journal      = {RSA Journal on Computing},
    volume       = {2},
    number       = {1},
    pages        = {4-32},
    year         = {1990}
}

@Misc{SA_5,
    author       = {K. Gabarro},
    title        = {Tabu Search Algorithm},
    month        = {March},
    year         = {2000},
    howpublished = "\url{http://www.lsi.upc.edu/~mallba/public/library/firstProposal-BA/node11.html}"
}

@Misc{AR_0,
    author       = {E. Anderson},
    title        = {The Irises of the Gaspe Peninsula},
    year         = {1935},
    howpublished = "\url{http://www.cormactech.com/neunet/sampdata/iris.html}"
}

@INPROCEEDINGS{SA_6,
    author = {Thomas Bäck, Günter Rudolph y Hans-paul Schwefel},
    title = {Evolutionary Programming and Evolution Strategies: Similarities and Differences},
    booktitle = {In Proceedings of the Second Annual Conference on Evolutionary Programming},
    year = {},
    pages = {11--22}
}

@Book{SA_7,
    author       = {D. Fogel.},
    title        = {On the Organization of Intellect},
    address      = {UCLA},
    year         = {1964},
}

@INPROCEEDINGS{SA_8,
    author = {J. R. Koza},
    title = {Hierarchical genetic algorithms operating on populations of computer programs},
    booktitle = {In Proceedings of the 11th International Joint Conference on Artificial Intelligence},
    year = {1989},
    pages = {768--774}
}

@Book{PSO_0,
    author       = {Mahamed G. H. Omran},
    title        = {Particle Swarm Optimization Methods for Pattern Recognition and Image Processing},
    publisher    = {Departamento de Ciencias de la Computación, Universidad de Pretoria},
    address      = {Sud\'africa},
    year         = {2005}
}

@Article{PSO_1,
    author       = {J. Kennedy, R. Eberhart},
    title        = {Particle Swarm Optimization},
    address      = {Perth, Australia},
    journal      = {Conferencia Internacional de Redes Neuronales de la IEEE},
    volume       = {4},
    pages        = {1942-1948},
    year         = {1995}
}

@Book{PSO_2,
    author       = {J. Kennedy, R. Eberhart},
    title        = {Swarm Intelligence},
    address      = {Perth, Australia},
    publisher    = {Morgan Kaufmann},
    year         = {2001}
}

@Book{PSO_3,
    author       = {F. Van den Bergh},
    title        = {An Analysis of Particle Swarm Optimizers},
    publisher    = {Departamento de Ciencias de la Computación, Universidad de Pretoria},
    address      = {Sud\'africa},
    year         = {2002}
}

@Article{Bee_0,
    author       = {D.T. Pham, S. Otri, A. Afify, M. Mahmuddin and H. Al-Jabbouli},
    title        = {Data Clustering Using the Bees Algorithm},
    journal      = {Proc. $40^{th}$ CIRP Seminario Internacional de Sistemas de Fabricación},
    address      = {Laboratorio de Sistemas Inteligentes, Centro de Ingeniería de Fabricación, Universidad Cardiff, Cardiff CF24 3AA, UK},
    year         = {2007}
}

@Book{Ant_0,
    author       = {M. Dorigo},
    title        = {Optimization, Learning and Natural Algorithms},
    publisher    = {Departamento de Electronica, Politécnico de Milán},
    address      = {Milán, Italia},
    year         = {1992}
}

@Article{DC_0,
    author       = {A. Jain, M. Murty, P. Flynn},
    title        = {Data Clustering: A Review},
    publisher    = {ACM},
    journal      = {ACM Computing Survey},
    volume       = {31},
    number       = {3},
    pages        = {264-323},
    year         = {1999}
}

@Article{DC_1,
    author       = {C. Veenman, M. Reinders, E. Backer},
    title        = {A Cellular Coevolutionary Algorithm for Image Segmentation},
    publisher    = {IEEE},
    journal      = {IEEE Transactions on Image Processing},
    volume       = {12},
    number       = {3},
    pages        = {304-316},
    year         = {2003}
}

@Article{DC_1,
    author       = {R.H. Turi, Siddheswar Ray},
    title        = {Clustering-Based Colour Image Segmentation},
    publisher    = {Universidad de Monash},
    address      = {Australia},
    year         = {2001}
}

@Article{DC_2,
    author       = {R.H. Turi, Siddheswar Ray},
    title        = {Clustering-Based Colour Image Segmentation},
    publisher    = {Universidad de Monash},
    address      = {Australia},
    year         = {2001}
}

@Article{DC_3,
    author       = {Y. Leung, J. Zhang, Z. Xu},
    title        = {Clustering by Space-Space Filtering},
    journal      = {IEEE Transactions on Pattern Analysis and Machine Intelligence},
    volume       = {22},
    number       = {12},
    pages        = {1396-1410},
    publisher    = {IEEE},
    address      = {Australia},
    year         = {2000}
}

@Article{DC_4,
    author       = {J. B. MacQueen},
    title        = {Some Methods for classification and Analysis of Multivariate Observations},
    journal      = {Procedimientos del 5º Simposio de Matemática y Estadística de Berkeley},
    pages        = {281–297},
    publisher    = {Prensa de la Universidad de California},
    year         = {1967}
}

@Article{DC_5,
    author       = {D. Davies, D. Bouldin},
    title        = {A Cluster Separation Measure},
    journal      = {IEEE Transactions on Pattern Analysis and Machine Intelligence},
    volume       = {1},
    number       = {2},
    publisher    = {IEEE},
    year         = {1979}
}

@Article{DC_6,
    author       = {C. H. Chou, M. C. Su, E. Lai.},
    title        = {A new cluster validity measure and its application to image compression},
    journal      = {Pattern Analysis and Applications},
    volume       = {7},
    pages        = {205–220},
    year         = {2004}
}

@Article{Eve2004,
	Author		= {E.W Forgy},
	Title		= {Cluster Analysis of Multivariate Data: Efficiency Versus Interpretability of classification.},
	Journal		= {Biometrics 21},
	Year		= 1993
}

@Article{ArabHDEve2004,
	author		= {P. Arabie,  L.J. Hubert, and G. De Soete.},
	title		= {Clustering and Classification.},
    publisher   = "World Scientific Publishing",
	Year		= 1996,
    address     = {Singapur}
}

@Article{OuBa2007,
    author    = {Salima Ouadfel and Mohamed Batouche},
    title     = {An Efficient Ant Algorithm for Swarm-Based Image Clustering},
    publisher = {Science Publications},
    issn      = {1549-3636}, 
    journal   = {Journal of Computer Science 3},
    year      = {2007}
}


@Book{Le2007,
    author    = {Gregory Levitin (Ed.)},
    title     = {Computational Intelligence in Reliability Engineering},
    series    = {Studies in Computational Intelligence},
    volume    = {40},
    publisher = {Springer},
    year      = {2007},
    isbn      = {978-3-540-37371-1}
}

@Book{GePo2010,
    author    = {Michel Gendreau and Jean-Yves Potvin},
    title     = {Handbook of Metaheuristics},
    series    = {Operations Research/Computer Science Interfaces Series},
    volume    = {146},
    publisher = {Springer},
    year      = {2010},
    isbn      = {978-1-4419-1663-1}
}

@Article{HrCaFr2009,
    author    = {Eduardo R. Hruschka  and Ricardo J. G. B. Campello and Alex A. Freitas and André C. P. L. F. de Carvalho},
    title     = {A Survey of Evolutionary Algorithms for Clustering},
    journal   = {IEEE Transactions on Systems, Man, and Cybernetics - Part C: Applications and Reviews},
    volume    = {39},
    pages     = {133-155},
    publisher = {IEEE},
    year      = {2009},
    month     = {February},
    issn      = {1094-6977}
}

@Book{DoGeGr2007,
    author    = {Karl F. Doerner  and Michel Gendreau and Peter Greistorfer and Walter J. Gutjahr and Richard F. Hartl and Marc Reimann},
    title     = {Metaheuristics Progress in Complex Systems Optimization},
    series    = {International Series in Operations Research \& Management Science},
    publisher = {Springer},
    year      = {2007},
    isbn      = {978-0-387-71919-1}
}

@Article{Br1978,
    author    = {Brucker, P.},
    title     = {On the complexity of clustering problems},
    journal   = {In: Beckmenn, M., Kunzi,H.P. (eds.) Lecture Notes in Economics and Mathematical Systems},
    volume    = {157},
    pages     = {45-54},
    publisher = {Springer},
    address   = {Berlin},
    year      = {1978}
}
    

@Book{GaChJi2007,
    author    = {Gan, Guojun and Chaoqun Ma and Jianhong Wu},
    title     = {Data Clustering: Theory, Algorithms, and Applications},
    series    = {ASA-SIAM Series on Statistics and Applied Probability},
    publisher = {SIAM},
    year      = {2007},
    address   = {Philadelphia, ASA, Alexandria, VA},
    isbn      = {978-0-898716-23-8}
}

@Article{OmEnSa2005,
    author    = {Mahamed G. H. Omran and Andries P Engelbrecht and Ayed Salman},
    title     = {Differential Evolution Methods for Unsupervised Image Classification},
    journal   = {The 2005 IEEE Congress on Evolutionary Computation},
    volume    = {2},
    publisher = {IEEE},
    year      = {2005},
    pages     = {966 - 973}
}


@Article{SwAjAm2008,
    author    = {Swagatam Das and Ajith Abraham and Amit Konar},
    title     = {Automatic Clustering Using an Improved Differential Evolution Algorithm},
    journal   = {IEEE Transactions on Systems, Man, and Cybernetics - Part A: Systems and Humans},
    volume    = {38},
    number    = {1},
    publisher = {IEEE},
    year      = {2008},
    month     = {January}
}

@Book{SwAjAm2009,
    author    = {Swagatam Das and Ajith Abraham and Amit Konar},
    title     = {Metaheuristic Clustering},
    series    = {Studies in Computational Intelligence},
    volume    = {178},
    publisher = {Springer-Verlag},
    year      = {2009},
    address   = {Berlin Heidelberg},
    isbn      = {978-3-540-92172-1}
}

@book{AB_0,
    author    = {Kandethody M. Ramachandran y Chris P. Tsokos},
    title     = {Mathematical Statistics with Applications},
    publisher = {Elsevier},
    year      = {2009}
}

@Article{DTK_Test,
    author       = {C. W. Dunnett},
    title        = {Pairwise Multiple Comparisons in the Unequal Variance Case},
    journal      = {Journal of the American Statistical Association},
    volume       = {372},
    number       = {75},
    pages        = {796-800},
    year         = {1980}
}

@Article{Levene_Test,
    author       = {H. Levene},
    title        = {Robust tests for equality of variances},
	publisher    = {Stanford University Press},
    pages        = {278-292},
    year         = {1960}
}

@Book{NPHARD,
    author    = {Michael Sipser},
    title     = {Introduction to the Theory of Computation, Second Edition},
    publisher = {Thomson Course Technology},
    year      = {2006}
}
